<?xml version="1.0" encoding="UTF-8"?><collection xmlns="http://www.loc.gov/MARC21/slim"><record><leader>00363nam--2200133-i-4500</leader><controlfield tag="001">000009754</controlfield><controlfield tag="002">20161230</controlfield><controlfield tag="005">20161230201028</controlfield><controlfield tag="008">060222s1000------------r-----000-0-eng-d</controlfield><datafield ind1=" " ind2=" " tag="100"><subfield code="a">Ashcroft, S.J</subfield></datafield><datafield ind1=" " ind2=" " tag="245"><subfield code="a">Mortimer, c.t</subfield></datafield><datafield ind1=" " ind2=" " tag="260"><subfield code="a">Termochemistry Of Transition Metal Complexes</subfield></datafield><datafield ind1=" " ind2=" " tag="490"><subfield code="a">London, Academic Press, 1970 Ix + 473 P</subfield></datafield><datafield ind1=" " ind2=" " tag="852"><subfield code="a">541.11:541.49:54-386</subfield></datafield></record></collection>